@article{zhao_feedback,
  author    = {Zilong Zhao and
               Sophie Cerf and
               Bogdan Robu and
               Nicolas Marchand},
  title     = {Feedback Control for Online Training of Neural Networks},
  journal   = {CoRR},
  volume    = {abs/1911.07710},
  year      = {2019},
  url       = {http://arxiv.org/abs/1911.07710},
  archivePrefix = {arXiv},
  eprint    = {1911.07710},
  timestamp = {Thu, 01 Apr 2021 15:25:01 +0200},
  biburl    = {https://dblp.org/rec/journals/corr/abs-1911-07710.bib},
  bibsource = {dblp computer science bibliography, https://dblp.org}
}

@article{marschall_unified_online,
  author  = {Owen Marschall and Kyunghyun Cho and Cristina Savin},
  title   = {A Unified Framework of Online Learning Algorithms for Training Recurrent Neural Networks},
  journal = {Journal of Machine Learning Research},
  year    = {2020},
  volume  = {21},
  number  = {135},
  pages   = {1-34},
  url     = {http://jmlr.org/papers/v21/19-562.html}
}

@article{sahoo_online,
  author    = {Doyen Sahoo and
               Quang Pham and
               Jing Lu and
               Steven C. H. Hoi},
  title     = {Online Deep Learning: Learning Deep Neural Networks on the Fly},
  journal   = {CoRR},
  volume    = {abs/1711.03705},
  year      = {2017},
  url       = {http://arxiv.org/abs/1711.03705},
  archivePrefix = {arXiv},
  eprint    = {1711.03705},
  timestamp = {Mon, 13 Aug 2018 16:48:53 +0200},
  biburl    = {https://dblp.org/rec/journals/corr/abs-1711-03705.bib},
  bibsource = {dblp computer science bibliography, https://dblp.org}
}


@article{kingma_adam,
  title={Adam: A Method for Stochastic Optimization},
  author={Diederik P. Kingma and Jimmy Ba},
  journal={CoRR},
  year={2015},
  volume={abs/1412.6980}
}
