@article{hendrycks_oe,
  author    = {Dan Hendrycks and
               Mantas Mazeika and
               Thomas G. Dietterich},
  title     = {Deep Anomaly Detection with Outlier Exposure},
  journal   = {CoRR},
  volume    = {abs/1812.04606},
  year      = {2018},
  url       = {http://arxiv.org/abs/1812.04606},
  archivePrefix = {arXiv},
  eprint    = {1812.04606},
  timestamp = {Tue, 01 Jan 2019 15:01:25 +0100},
  biburl    = {https://dblp.org/rec/journals/corr/abs-1812-04606.bib},
  bibsource = {dblp computer science bibliography, https://dblp.org}
}

@article{hendrycks_odin,
  author    = {Dan Hendrycks and
               Kevin Gimpel},
  title     = {A Baseline for Detecting Misclassified and Out-of-Distribution Examples
               in Neural Networks},
  journal   = {CoRR},
  volume    = {abs/1610.02136},
  year      = {2016},
  url       = {http://arxiv.org/abs/1610.02136},
  archivePrefix = {arXiv},
  eprint    = {1610.02136},
  timestamp = {Mon, 13 Aug 2018 16:47:27 +0200},
  biburl    = {https://dblp.org/rec/journals/corr/HendrycksG16c.bib},
  bibsource = {dblp computer science bibliography, https://dblp.org}
}

@article{liang_ood,
  author    = {Shiyu Liang and
               Yixuan Li and
               R. Srikant},
  title     = {Principled Detection of Out-of-Distribution Examples in Neural Networks},
  journal   = {CoRR},
  volume    = {abs/1706.02690},
  year      = {2017},
  url       = {http://arxiv.org/abs/1706.02690},
  archivePrefix = {arXiv},
  eprint    = {1706.02690},
  timestamp = {Thu, 22 Aug 2019 13:48:06 +0200},
  biburl    = {https://dblp.org/rec/journals/corr/LiangLS17.bib},
  bibsource = {dblp computer science bibliography, https://dblp.org}
}
